%% References for 2019 TBME Paper
%% Try to add references in chronological order!!!

% 1992 Gill, British Journal of Anaesthesia
%Relationship Between Hypoxaemic And Cardiac Ischaemic Events In The Perioperative Period 
@article{gill1992,
    title={Relationship Between Hypoxaemic And Cardiac Ischaemic Events In The Perioperative Period}, 
    volume={68}, 
    DOI={10.1093/bja/68.5.471}, 
    number={5}, 
    journal={British Journal of Anaesthesia}, 
    author={Gill, N.p. and Wright, B. and Reilly, C.s.}, year={1992}, 
    pages = {471-473}
}

% 2003 Folke, Medical & Biological Engineering & Computing
% Critical review of non-invasive respiratory monitoring in medical care
@article{folke2003, 
    title={Critical review of non-invasive respiratory monitoring in medical care}, 
    volume={41}, 
    DOI={10.1007/bf02348078}, 
    number={4}, 
    journal={Medical \& Biological Engineering \& Computing}, author={Folke, M. and Cernerud, L. and Ekström, M. and Hök, B.}, 
    year={2003},
    pages={377–383}
}

% 2003 Poets, acutetesting.org
% Pulse oximetry vs. transcutaneous monitoring in neonates: practical aspects
@misc{poets2003, 
    title={Pulse oximetry vs transcutaneous monitoring in neonates: practical aspects}, url={https://acutecaretesting.org/-/media/acutecaretesting/files/pdf/pulse-oximetry-vs-transcutaneous-monitoring-in-neonates--practical-aspects.pdf}, 
    journal={}, 
    publisher={Radiometer Medical ApS}, 
    author={Poets, Christian F}, 
    year={2003}, 
    month={Oct}
} 

% 2009 Hirabayashi, Journal of Anesthesia
% Transcutaneous PCO2 monitors are more accurate than end-tidal PCO2 monitors
@article{hirabayashi2009, 
    title="{Transcutaneous PCO$_2$ monitors are more accurate than end-tidal PCO$_2$ monitors}", 
    volume={23}, 
    DOI={10.1007/s00540-008-0734-z}, 
    number={2}, 
    journal={Journal of Anesthesia}, author={Hirabayashi, Makihiko and Fujiwara, Chieko and Ohtani, Norimasa and Kagawa, Sohei and Kamide, Masayuki}, 
    year={2009},
    pages = {198-202}
} 

% 2009 Tobias, Pediatric Anesthesia
% Transcutaneous carbon dioxide monitoring in infants and children
@article{tobias2009, 
    title={Transcutaneous carbon dioxide monitoring in infants and children}, volume={19}, DOI={10.1111/j.1460-9592.2009.02930.x}, 
    number={5}, 
    journal={Pediatric Anesthesia}, 
    author={Tobias, Joseph D.}, 
    year={2009}, 
    pages = {434-444}
} 

% 2010 S. Karger AG
% Review of Wireless and Wearable Electroencephalogram Systems and Brain-Computer Interfaces - A Mini-Review}
@article{lin_review_2010,
	title = {Review of {Wireless} and {Wearable} {Electroencephalogram} {Systems} and {Brain}-{Computer} {Interfaces} - {A} {Mini}-{Review}},
	volume = {56},
	url = {http://search.proquest.com/docview/274693274/abstract/265053BAE8614863PQ/1},
	doi = {http://dx.doi.org.ezpxy-web-p-u01.wpi.edu/10.1159/000230807},
	number = {1},
	urldate = {2020-10-27},
	journal = {Gerontology; Basel},
	author = {Lin, Chin-teng et al.},
	month = jan,
	year = {2010},
	publisher = {S. Karger AG}
	pages = {112--9},
}

% 2011 Taylor & Francis
% Cochlear implants: current status and future potential
@article{cosetti_cochlear_2011,
	title = {Cochlear implants: current status and future potential},
	volume = {8},
	issn = {1743-4440},
	url = {https://doi.org/10.1586/erd.11.12},
	doi = {10.1586/erd.11.12},
	number = {3},
	journal = {Expert Review of Medical Devices},
	author = {Cosetti, Maura K and Waltzman, Susan B},
	month = may,
	year = {2011},
	publisher = {Taylor \& Francis},
	pages = {389--401},
}

% 2011 Al-Khalidi, Pediatric Pulmonology
% Respiration rate monitoring methods: A review
@article{alkhalidi2011,
    title={Respiration rate monitoring methods: A review},
    volume={46}, 
    DOI={10.1002/ppul.21416}, 
    number={6}, 
    journal={Pediatric Pulmonology}, 
    author={Al-Khalidi, F.q. and Saatchi, R. and Burke, D. and Elphick, H. and Tan, S.}, 
    year={2011}, 
    pages={523–529}
}

% 2011 Storre, Respiratory Medicine
% Transcutaneous monitoring as a replacement for arterial PCO2 monitoring during nocturnal non-invasive ventilation
@article{storre2011, 
    title="{Transcutaneous monitoring as a replacement for arterial PCO$_2$ monitoring during nocturnal non-invasive ventilation}", 
    volume={105}, 
    DOI={10.1016/j.rmed.2010.10.007}, 
    number={1}, 
    journal={Respiratory Medicine}, 
    author={Storre, Jan Hendrik and Magnet, 
    Friederike Sophie and Dreher, Michael and Windisch, Wolfram}, year={2011}, 
    pages = {143-150}
}

% 2013 Brockli Nature Journal of Perinatology
% Trends and challenges in United States neonatal intensive care units follow-up clinics
%url={https://doi.org/10.1038/jp.2013.136}
%note={Original Article},
@Article{bockli2013,
    author={Bockli, K.
    and Andrews, B.
    and Pellerite, M.
    and Meadow, W.},
    title="{Trends and challenges in United States neonatal intensive care units follow-up clinics}",
    journal={Journal Of Perinatology},
    year={2013},
    month={Oct},
    day={31},
    publisher={Nature America, Inc. SN  -},
    volume={34},
    pages={71-74},
}

% 2013 IET Digital Library
% Sensors, Actuators, and their Interfaces: A Multidisciplinary Introduction
@book{ida_sensors_2013,
	title = {Sensors, Actuators, and their Interfaces: A Multidisciplinary Introduction},
	isbn = {978-1-61353-195-2},
	shorttitle = {Sensors, Actuators, and their Interfaces},
	url = {https://digital-library.theiet.org/content/books/cs/sbcs502e},
	urldate = {2020-11-08},
	publisher = {IET Digital Library},
	author = {Ida, Nathan},
	month = dec,
	year = {2013},
	doi = {10.1049/SBCS502E},
}

% 2016 Amaddeo, Paediatric Respiratory Reviews
% Oxygen and carbon dioxide monitoring during sleep
@article{amaddeo2016, 
    title={Oxygen and carbon dioxide monitoring during sleep}, volume={20}, 
    DOI={10.1016/j.prrv.2015.11.009}, 
    journal={Paediatric Respiratory Reviews}, 
    author={Amaddeo, Alessandro and Fauroux, Brigitte}, year={2016},
    pages = {42-44}
} 

% 2017 Dix, The Journal of Pediatrics
% Carbon Dioxide Fluctuations Are Associated with Changes in Cerebral Oxygenation and Electrical Activity in Infants Born Preterm
@article{dix2017, 
    title={Carbon Dioxide Fluctuations Are Associated with Changes in Cerebral Oxygenation and Electrical Activity in Infants Born Preterm}, 
    volume={187}, 
    DOI={10.1016/j.jpeds.2017.04.043}, 
    journal={The Journal of Pediatrics}, 
    author={Dix, Laura Marie Louise and Weeke, Lauren Carleen and Vries, Linda Simone De and Groenendaal, Floris and Baerts, Willem and Bel, Frank Van and Lemmers, Petra Maria Anna}, pages = {66-72}, year={2017}
} 

% 2015 Gal, Eur J Pediatr
% Transcutaneous PCO2 monitoring in infants hospitalize with viral bronchiolitis
@article{gal2015, 
    title="{Transcutaneous PCO$_2$ monitoring in infants hospitalized with viral bronchiolitis}", 
    volume={174}, 
    DOI={10.1007/s00431-014-2407-2}, 
    journal={Eur J Pediatr}, 
    author={S. Gal and others}, year={2015}, pages={319-324}
} 

% 2014 Chatterjee, Medical Engineering & Physics
% A novel approach towards noninvasive monitoring of transcutaneous CO2.
@article{chatterjee2014, 
    title="{A novel approach toward noninvasive monitoring of transcutaneous CO$_2$}", 
    volume={36},
    number={1},
    journal={Medical Engineering \& Physics}, 
    author={M. Chatterjee and others}, year={2014}, pages={136-139}
} 

% 2015 Soh, IEEE Microwave Magazine
% Wearable Wireless Health Monitoring: Current Developments. Challenges, and future trends. 
@ARTICLE{soh2015, 
    author={P. J. Soh and G. A. E. Vandenbosch and M. Mercuri and D. M. M. -. Schreurs},
    journal={IEEE Microwave Magazine}, 
    title="{Wearable Wireless Health Monitoring: Current Developments, Challenges, and Future Trends}", 
    year={2015}, 
    volume={16}, 
    number={4}, 
    pages={55-70}, 
    keywords={body sensor networks;health care;patient monitoring;telemedicine;noninvasive vital function diagnosis;human body;singular heartbeat;perspiration sensors;body-worn sensors;patient regular movements;electromagnetic waves;electronic node;specific absorption rates;body-worn wireless health-monitoring systems;Wireless sensor networks;Wireless communication;Biomedical monitoring;Wearable computing;Medical diagnostic imaging;Biosensors;Noninvasive treatment}, 
    doi={10.1109/MMM.2015.2394021}, 
    ISSN={1527-3342}, 
    month={May}
}

%2015 Mukhopadhyay, IEEE Sensors Journal
%Wearable Sensors for Human Activity Monitoring: A Review
@ARTICLE{mukhopadhyay2015, 
    author={S. C. Mukhopadhyay}, 
    journal={IEEE Sensors Journal}, 
    title={Wearable Sensors for Human Activity Monitoring: A Review}, 
    year={2015}, 
    volume={15}, 
    number={3}, 
    pages={1321-1330}, 
    keywords={biomedical transducers;health care;intelligent sensors;nanosensors;wireless sensor networks;wearable sensor;human activity monitoring;healthcare cost system;hospitalization;embedded system;wireless communication technology;nanotechnology;smart system;physiological parameter monitoring;Monitoring;Biomedical monitoring;Wearable sensors;Wireless sensor networks;Temperature measurement;Wireless communication;wearable sensors;smart sensors;sensor networks;wireless sensor networks;body sensor networks;body area networks;activity monitoring;assisted living;smart home;physiological parameters monitoring;wearable sensors;smart sensors;sensor networks;wireless sensor networks;body sensor networks;body area networks;activity monitoring;assisted living;smart home;physiological parameters monitoring}, 
    doi={10.1109/JSEN.2014.2370945}, 
    ISSN={1530-437X}, 
    month={March}
}

% 2015 Chatterjee, Institute of Physics and Engineering in Medicine
% A rate-based transcutaneos CO2 sensor for noninvasive respiration monitoring
@article{chatterjee2015, 
    title="{A rate-based transcutaneous CO$_2$ sensor for non invasive respiration monitoring}", 
    volume={36},
    number={1},
    journal={Physilogical Measurement}, 
    author={M. Chatterjee and X. Ge and Y. Kostov and P. Luu and L. Tolosa and H. Woo and R. Viscardi and S. Falk and R. Potts and G. Rao}, 
    year={2015}, 
    pages={883-894}
} 

% 2008 Corbishley, Transactions on Biomedical Engineering
% Breathing Detection: Towards a Miniaturized, Wearable, Battery-Operated Monitoring System
@ARTICLE{corbishley2008,
    author={P. Corbishley and E. Rodriguez-Villegas},
    journal={IEEE Transactions on Biomedical Engineering},
    title="{Breathing Detection: Towards a Miniaturized, Wearable, Battery-Operated Monitoring System}",
    year={2008},
    volume={55},
    number={1},
    pages={196-204},
    keywords={bioacoustics;biomedical equipment;pneumodynamics;portable instruments;breathing detection;miniaturized monitoring system;wearable monitoring system;battery-operated monitoring system;breathing monitoring;acoustic breathing signal;miniature sensor;noise sources;Biomedical monitoring;Wearable sensors;Sensor phenomena and characterization;Detectors;Working environment noise;Electronic circuits;Acoustic signal detection;Integrated circuit noise;Circuit testing;Humans;Apnea;breathing;low-power electronics;respiration;wearable sensor;Acoustics;Auscultation;Auscultation;Diagnosis, Computer-Assisted;Diagnosis, Computer-Assisted;Electric Power Supplies;Equipment Design;Equipment Failure Analysis;Humans;Miniaturization;Monitoring, Ambulatory;Monitoring, Ambulatory;Respiratory Mechanics;Respiratory Sounds;Sound Spectrography;Sound Spectrography;Transducers},
    doi={10.1109/TBME.2007.910679},
    ISSN={0018-9294},
    month={Jan},
}

% 2015 IEEE Transactions on Biomedical Engineering
% A Miniaturized, Eye-Conformable, and Long-Term Reliable Retinal Prosthesis Using Monolithic Fabrication of Liquid Crystal Polymer (LCP)
@article{jeong_miniaturized_2015,
	title = {A {Miniaturized}, {Eye}-{Conformable}, and {Long}-{Term} {Reliable} {Retinal} {Prosthesis} {Using} {Monolithic} {Fabrication} of {Liquid} {Crystal} {Polymer} ({LCP})},
	volume = {62},
	issn = {1558-2531},
	doi = {10.1109/TBME.2014.2377197},
	number = {3},
	journal = {IEEE Transactions on Biomedical Engineering},
	author = {Jeong, Joonsoo et al.},
	month = mar,
	year = {2015},
	pages = {982--989},
}

% 2017 Journal of Neural Transmission
% Systems for deep brain stimulation: review of technical features
@article{amon_systems_2017,
	title = {Systems for deep brain stimulation: review of technical features},
	volume = {124},
	shorttitle = {Systems for deep brain stimulation},
	url = {https://www.ncbi.nlm.nih.gov/pmc/articles/PMC5565669/},
	doi = {10.1007/s00702-017-1751-6},
	number = {9},
	urldate = {2020-10-04},
	journal = {Journal of Neural Transmission},
	author = {Amon, A. and Alesch, F.},
	year = {2017},
	pages = {1083--1091},
}

% 2018 Wang IEEE Internet of Things Journal
% Contactless Respiration Monitoring using Ultrasound Signal with Off-the-shelf Audio Devices 
@ARTICLE{wang2018,
    author={T. Wang and D. Zhang and L. Wang and Y. Zheng and T. Gu and B. Dorizzi and X. Zhou},
    journal={IEEE Internet of Things Journal},
    title={Contactless Respiration Monitoring using Ultrasound Signal with Off-the-shelf Audio Devices},
    year={2018},
    volume={},
    number={},
    pages={1-1},
    keywords={Monitoring;Sensors;Sleep apnea;Acoustics;Atmospheric modeling;Doppler shift;Respiration Detection;Doppler Effect;Acoustic Sensing;Contactless Sensing.},
    doi={10.1109/JIOT.2018.2877607},
    ISSN={2327-4662},
    month={}
}

% 2018 IEEE Transactions on Biomedical Circuits and Systems
% A CMOS-Based Bidirectional Brain Machine Interface System With Integrated fdNIRS and tDCS for Closed-Loop Brain Stimulation
@article{miao_cmos-based_2018,
	title = {A {CMOS}-{Based} {Bidirectional} {Brain} {Machine} {Interface} {System} {With} {Integrated} {fdNIRS} and {tDCS} for {Closed}-{Loop} {Brain} {Stimulation}},
	volume = {12},
	issn = {1940-9990},
	doi = {10.1109/TBCAS.2018.2798924},
	number = {3},
	journal = {IEEE Transactions on Biomedical Circuits and Systems},
	author = {Miao, Yun and Koomson, Valencia Joyner},
	month = jun,
	year = {2018},
	pages = {554--563},
}

% 2019 Therapeutic Advances in Ophthalmology
% Advances in retinal prosthesis systems
@article{bloch_advances_2019,
	title = {Advances in retinal prosthesis systems},
	volume = {11},
	issn = {2515-8414},
	url = {https://www.ncbi.nlm.nih.gov/pmc/articles/PMC6350159/},
	doi = {10.1177/2515841418817501},
	urldate = {2020-10-04},
	journal = {Therapeutic Advances in Ophthalmology},
	author = {Bloch, Edward et al.},
	month = jan,
	year = {2019},
}

% 2019 IEEE Transactions on Biomedical Engineering
% Implantable Multi-Modality Probe for Subdural Simultaneous Measurement of Electrophysiology, Hemodynamics, and Temperature Distribution
@article{yamakawa_implantable_2019,
	title = {Implantable {Multi}-{Modality} {Probe} for {Subdural} {Simultaneous} {Measurement} of {Electrophysiology}, {Hemodynamics}, and {Temperature} {Distribution}},
	volume = {66},
	issn = {1558-2531},
	doi = {10.1109/TBME.2019.2902189},
	number = {11},
	journal = {IEEE Transactions on Biomedical Engineering},
	author = {Yamakawa, Toshitaka et al.},
	month = nov,
	year = {2019},
	pages = {3204--3211},
}

% 2019 IEEE Transactions on Biomedical Circuits and Systems
% BioWolf: A Sub-10 mW 8-Channel Advanced Brain–Computer Interface Platform With a Nine-Core Processor and BLE Connectivity
@article{kartsch_biowolf_2019,
	title = {{BioWolf}: {A} {Sub}-10-{mW} 8-{Channel} {Advanced} {Brain}–{Computer} {Interface} {Platform} {With} a {Nine}-{Core} {Processor} and {BLE} {Connectivity}},
	volume = {13},
	issn = {1940-9990},
	shorttitle = {{BioWolf}},
	doi = {10.1109/TBCAS.2019.2927551},
	journal = {IEEE Transactions on Biomedical Circuits and Systems},
	author = {Kartsch, Victor et al.},
	month = oct,
	year = {2019},
	pages = {893--906},
}

% 2019 Conference Name: IEEE Access
% Design of Novel Field Programmable Gate Array-Based Hearing Aid
@article{lin_design_2019,
	title = {Design of {Novel} {Field} {Programmable} {Gate} {Array}-{Based} {Hearing} {Aid}},
	volume = {7},
	issn = {2169-3536},
	doi = {10.1109/ACCESS.2019.2916723},
	journal = {IEEE Access},
	author = {Lin, Bor-Shing et al.},
	year = {2019},
	publisher = {Conference Name: IEEE Access},
	pages = {63809--63817},
}

% 2019 Hearing Research
% Sensor-actuator component for a {Floating} {Mass} {Transducer}-based fully implantable hearing aid
@article{esinger_sensor-actuator_2019,
	title = {Sensor-actuator component for a {Floating} {Mass} {Transducer}-based fully implantable hearing aid},
	volume = {378},
	issn = {03785955},
	url = {https://linkinghub.elsevier.com/retrieve/pii/S037859551830337X},
	doi = {10.1016/j.heares.2019.03.006},
	urldate = {2020-09-19},
	journal = {Hearing Research},
	author = {Eßinger, Till Moritz et al.},
	month = jul,
	year = {2019},
	pages = {157--165},
}

% 2020 MDPI AG, Micromachines; Basel
% A mm-Sized Free-Floating Wireless Implantable Opto-Electro Stimulation Device
@article{jia_mm-sized_2020,
	title = {A mm-{Sized} {Free}-{Floating} {Wireless} {Implantable} {Opto}-{Electro} {Stimulation} {Device}},
	volume = {11},
	url = {http://search.proquest.com/docview/2418900785/abstract/A2AEE4A2A3364BE4PQ/1},
	doi = {http://dx.doi.org.ezpxy-web-p-u01.wpi.edu/10.3390/mi11060621},
	number = {6},
	urldate = {2020-09-27},
	journal = {Micromachines; Basel},
	author = {Jia, Yaoyao et al.},
	year = {2020},
	publisher = {MDPI AG},
	pages = {621},
}

% 2020 IEEE Journal of Translational Engineering in Health and Medicine
% 3-D Space Visualization System Using Ultrasonic Sensors as an Assistive Device for the Blind
@article{kim_3-d_2020,
	title = {3-{D} {Space} {Visualization} {System} {Using} {Ultrasonic} {Sensors} as an {Assistive} {Device} for the {Blind}},
	volume = {8},
	issn = {2168-2372},
	doi = {10.1109/JTEHM.2020.2978842},
	journal = {IEEE Journal of Translational Engineering in Health and Medicine},
	author = {Kim, Jung-Hun et al.},
	year = {2020},
	pages = {1--5},
}

% 2020 IEEE Access
% A Smart Binaural Hearing Aid Architecture Leveraging a Smartphone APP With Deep-Learning Speech Enhancement
@article{li_smart_2020,
	title = {A {Smart} {Binaural} {Hearing} {Aid} {Architecture} {Leveraging} a {Smartphone} {APP} {With} {Deep}-{Learning} {Speech} {Enhancement}},
	volume = {8},
	issn = {2169-3536},
	doi = {10.1109/ACCESS.2020.2982212},
	journal = {IEEE Access},
	author = {Li, Yingdan et al.},
	year = {2020},
	pages = {56798--56810},
}

% 2020 American Foundation for the Blind
 @misc{AFB_2020, 
    title={Low Vision and Legal Blindness Terms and Descriptions}, url={https://www.afb.org/blindness-and-low-vision/eye-conditions/low-vision-and-legal-blindness-terms-and-descriptions}, 
    journal={Low Vision and Legal Blindness Terms and Descriptions}, 
    publisher={American Foundation for the Blind}
} 

@article{ballesteros-pena2018, 
    title={Pain scores for intravenous cannulation and arterial blood gas test among emergency department patients}, 
    volume={28}, 
    DOI={10.1016/j.enfcle.2017.11.001}, number={6}, journal={Enfermería Clínica (English Edition)}, author={Ballesteros-Peña, Sendoa and Hoz, Gorka Vallejo-De La and Fernández-Aedo, Irrintzi}, 
    year={2018},
    pages = {359-364}
}

@inbook{rhein2016, 
    place={Philadelphia}, 
    title={Blood Gas and Pulmonary Function Monitoring}, 
    booktitle={Cloherty and Starks Manual of Neonatal Care}, publisher={Wolters Kluwer Health}, 
    author={Rhein, Lawrence M}, 
    year={2016}
}

@article{goenka2012,
    author = "Goenka, Anu and Bhoola, Roopesh and McKerrow, Neil",
    journal = "South African Journal of Child Health",
    keywords = "Blood Gas Analysis -- Usage ; Blood Gas Analysis -- Complications And Side Effects ; Neonatal Diseases -- Diagnosis ; Neonatal Diseases -- Physiological Aspects",
    language = "English",
    number = "1",
    pages = "1-18",
    publisher = "South African Medical, Association",
    title = "Neonatal blood gas sampling, methods",
    volume = "6",
    year = "2012"
}

@inbook{fraser2012, 
    place={Petaluma, CA}, 
    title={Blood Gas Analysis}, 
    booktitle={Acute respiratory care of the neonate}, publisher={NICU Ink Book Publishers}, 
    author={Fraser, Debbie and Fraser, Debbie}, 
    year={2012}
} 

@article{lochne2014, 
    title={All-organic optoelectronic sensor for pulse oximetry}, 
    volume={5}, 
    DOI={10.1038/ncomms6745}, 
    number={1}, 
    journal={Nature Communications}, 
    author={Lochner, Claire M. and Khan, Yasser and Pierre, Adrien and Arias, Ana C.},
    pages = {1-7},
    year={2014}
} 

@article{shamsir2018,
    author={S. Shamsir and S. H. Hesari and S. K. Islam and I. Mahbub and S. A. Pullano and A. S. Fiorillo},
    journal={2018 IEEE International Instrumentation and Measurement Technology Conference (I2MTC)},
    title={Instrumentation of a pyroelectric transducer based respiration monitoring system with wireless telemetry},
    year={2018},
    volume={},
    number={},
    pages={1-6},
    keywords={biomedical telemetry;biomedical transducers;medical disorders;medical signal processing;paediatrics;patient monitoring;pneumodynamics;premature neonatal infants;neonatal intensive care units;wireless transmission;wireless telemetry;pyroelectric transducer;respiration monitoring system;apnea detection;respiratory disorders;breathing signal;remote computer;breathing pattern;Monitoring;Pediatrics;Sleep apnea;Microcontrollers;Transceivers;Transducers;Respiration monitoring;apnea;wireless telemetry;pyroelectric sensor},
    doi={10.1109/I2MTC.2018.8409796},
    ISSN={},
    month={May}
}

@article{mahbub2015,
    author={I. Mahbub and M. S. Hasan and S. A. Pullano and F. Quaiyum and C. P. Stephens and S. K. Islam and A. S. Fiorillo and M. S. Gaylord and V. Lorch and N. Beitel},
    journal={2015 IEEE Topical Conference on Biomedical Wireless Technologies, Networks, and Sensing Systems (BioWireleSS)},
    title={A low power wireless apnea detection system based on pyroelectric sensor},
    year={2015},
    volume={},
    number={},
    pages={1-3},
    keywords={biomedical electronics;biomedical telemetry;CMOS integrated circuits;medical disorders;medical signal processing;paediatrics;patient diagnosis;pyroelectric detectors;sleep;wireless sensor networks;low-power wireless apnea detection system;pyroelectric sensor;fully integrated system;premature neonatal infants;prototype device;wireless telemetry;CMOS process;point-of-care diagnosis;sleeping disorders;size 0.5 mum;Hysteresis;Radiation detectors;Monitoring;Image edge detection;Pediatrics;Detectors;Transducers;Apnea;pyroelectric sensor;integrated circuits;wireless applications},
    doi={10.1109/BIOWIRELESS.2015.7152130},
    ISSN={},
    month={Jan}
}
%@INPROCEEDINGS{moradian2016.

@article{moradian2016,
    author={S. Moradian and R. Abdolvand},
    journal={2016 IEEE SENSORS Conf.},
    title={MEMS-based passive wireless respiration profile sensor},
    year={2016},
    volume={},
    number={},
    pages={1-3},
    keywords={biomedical transducers;crystal resonators;frequency measurement;micromechanical resonators;microsensors;piezoelectric transducers;pneumodynamics;thin film sensors;UHF antennas;UHF detectors;UHF measurement;wireless sensor networks;MEMS-based passive wireless respiration profile sensor;breathing profile;human respiratory system;wearable monitoring device;thin film piezoelectric-on-substrate;MEMS resonator;ultrahigh frequency antenna;thin metal film formation;TPoS resonator;wireless detection technique;sensor-to-transceiver distance;Resonant frequency;Antenna measurements;Wireless communication;Temperature measurement;Wireless sensor networks;Receiving antennas;Micromechanical devices;Wireless;Passive;Respiration Profile;RFID;Resonator;Breath profile;TPoS;MEMS;Sensor},
    doi={10.1109/ICSENS.2016.7808422},
    ISSN={},
    month={Oct}
}


@ARTICLE{liao2013,
    author={S. Liao and W. Chen and M. S. C. Lu},
    journal={IEEE Sensors Journal},
    title="{A CMOS MEMS Capacitive Flow Sensor for Respiratory Monitoring}",
    year={2013},
    volume={13},
    number={5},
    pages={1401-1402},
    keywords={biomedical electrodes;biomedical measurement;bioMEMS;capacitance;capacitive sensors;CMOS integrated circuits;flow sensors;micromachining;microsensors;noise;patient diagnosis;patient monitoring;pneumodynamics;CMOS MEMS capacitive flow sensor;respiratory monitoring;complementary metal-oxide-semiconductor micromachined capacitive flow sensor;pressure change;suspended sensing plate;capacitance change;bottom electrode;microstructure;post-CMOS metal etch;sensing capacitance;output waveform;consecutive breaths;output noise;airflow velocity;bandwidth 0.5 Hz;Sensors;Micromechanical devices;Capacitance;Noise;CMOS integrated circuits;Electrodes;Microstructure;Capacitive flow sensors;complementary metal-oxide-semiconductor (CMOS);microelectromechanical systems (MEMS);respiratory monitoring},
    doi={10.1109/JSEN.2013.2245320},
    ISSN={1530-437X},
    month={May}
}

@article{hernandez2015embc, 
    title={Preliminary assessment of the SensiumVitals®: A low-cost wireless solution for patient surveillance in the general wards}, 
    DOI={10.1109/embc.2015.7319498}, 
    journal={2015 37th Annual International Conference of the IEEE Engineering in Medicine and Biology Society (EMBC)}, author={Hernandez-Silveira, M. and Wieczorkowski-Rettinger, K. and Ang, S. and Burdett, A.}, pages = {4931-4937}, year={2015}
}

@article{hernandez2015bmj, 
    title={Assessment of the feasibility of an ultra-low power, wireless digital patch for the continuous ambulatory monitoring of vital signs}, volume={5}, DOI={10.1136/bmjopen-2014-006606}, number={5}, journal={BMJ Open}, author={Hernandez-Silveira, M. and Ahmed, K. and Ang, S.-S. and Zandari, F. and Mehta, T. and Weir, R. and Burdett, A. and Toumazou, C. and Brett, S. J.}, 
    pages = {1-9},year={2015}
}

@article{bhagat2018, 
    title={Like Kleenex for Wearables: A soft, strong and disposable {ECG} monitoring system}, DOI={10.1109/biocas.2018.8584778}, 
    journal={2018 IEEE Biomedical Circuits and Systems Conference (BioCAS)}, 
    author={Bhagat, Yusuf A. and Vcrdon, Patrick and Avuthu, Sai and Parsons, Daniel and Sussman, Mark and Wable, Girish and Hugeneck, Ralph}, 
    pages={1-1},
    year={2018}
} 

@article{lim2018, 
    title={Wearable, Luminescent Oxygen Sensor for Transcutaneous Oxygen Monitoring}, 
    volume={10}, 
    DOI={10.1021/acsami.8b13276}, 
    number={48}, 
    journal={ACS Applied Materials \& Interfaces}, 
    author={Lim, Chang Jin and Lee, Soyeon and Kim, Jin Hoon and Kil, Hye Jun and Kim, Yu Chan and Park, Jin Woo}, year={2018}, 
    month={Jul}, 
    pages={41026–41034}
} 

@article{yang2017,
    author={X. Yang and G. Sun and K. Ishibashi},
    journal={2017 39th Annual International Conference of the IEEE Engineering in Medicine and Biology Society (EMBC)},
    title={Non-contact acquisition of respiration and heart rates using Doppler radar with time domain peak-detection algorithm},
    year={2017},
    volume={},
    number={},
    pages={2847-2850},
    keywords={band-pass filters;Doppler radar;electrocardiography;frequency-domain analysis;medical signal detection;medical signal processing;patient monitoring;pneumodynamics;telemedicine;noncontact acquisition;respiration detection;heart rates;Doppler radar;time domain peak-detection algorithm;home healthcare monitoring;frequency-domain analysis;heartbeat frequency detection;high-resolution spectrum;breathing cycle;inhalation;exhalation;signal preprocessing;analog band-pass filter;signal extraction;electrocardiograph;ECG;respiration band;correlation coefficient;Doppler radar;Heart beat;Band-pass filters;Correlation coefficient;Detection algorithms;Algorithms;Heart Rate;Humans;Monitoring, Physiologic;Radar;Respiration;Respiratory Rate;Signal Processing, Computer-Assisted},
    doi={10.1109/EMBC.2017.8037450},
    ISSN={1558-4615},
    month={July}
}

@article{dias2018, 
    title={Wearable Health Devices—Vital Sign Monitoring, Systems and Technologies},
    volume={18}, 
    DOI={10.3390/s18082414}, 
    number={8}, 
    journal={Sensors}, 
    author={Dias, Duarte and Cunha, João Paulo Silva}, year={2018}, 
    pages={2414}
}

@article{koydemir2018, 
    title="{Wearable and Implantable Sensors for Biomedical Applications}",
    volume={11}, 
    number={1}, 
    journal={Annual Review of Analytical Chemistry}, 
    author={Koydemir, Hatice Ceylan and Ozcan, Aydogan}, year={2018}, 
    pages={127-146}
}

% author={World Health Org.}, 

@misc{WHO2007, 
    title={Global surveillance, prevention and control of chronic respiratory diseases: a comprehensive approach}, 
    journal={Rep., WHO}, 
    publisher={World Health Organization},
    url={https://www.who.int/gard/publications/GARD_Manual/en/}, 
    year={2007}, 
    month={}
} 

@misc{ISO,
  author = "{ISO (Intl. Org. Stand.)}",
  title = {},
  url = {http://www.iso.org/iso/home.html},
  year = {}, 
  note = "[accessed 17-January-2019]"
}

@misc{IEC,
  author = "{IEC (Intl. Electrotech. Comm.)}",
  title = {},
  url = {http://www.iec.ch},
  year = {}, 
  note = "[accessed 17-January-2019]"
}

@misc{IEEE,
  author = "{IEEE Stand. Assoc.}",
  title = {},
  url = {http://standards.ieee.org},
  year = {}, 
  note = "[accessed 17-January-2019]"
}

@misc{ANSI,
  author = "{ANSI (Am. Natl. Stand. Inst.)}",
  title = {},
  url = {http://ansi.org},
  year = {}, 
  note = "[accessed 17-January-2019]"
}

@misc{AAMI,
  author = "{AAMI (Assoc. Adv. Med. Instrum.)}",
  title = {},
  url = {http://www.aami.org},
  year = {}, 
  note = "[accessed 17-January-2019]"
}

@ARTICLE{Nag2017, 
author={A. Nag and S. C. Mukhopadhyay and J. Kosel}, 
journal={IEEE Sensors Journal}, 
title="{Wearable Flexible Sensors: A Review}", 
year={2017}, 
volume={17}, 
number={13}, 
pages={3949-3960}, 
keywords={reviews;sensors;wearable flexible sensors;review;flexible materials;physiological parameters;network protocols;Biomedical monitoring;Monitoring;Wearable sensors;Electrodes;Polymers;Substrates;Wearable flexible sensors;physiological parameter;wireless sensor network;artificial skins;strain sensors}, 
doi={10.1109/JSEN.2017.2705700}, 
ISSN={1530-437X}, 
month={July},}

@article{aarrestad2016, 
    title="{Validity of transcutaneous PCO$_2$ in monitoring chronic hypoventilation treated with non-invasive ventilation}",
    volume={112}, 
    DOI={}, 
    number={3}, 
    journal={Respiratory Medicine}, 
    author={Aarrestad, Signurd and others}, year={2016}, 
    pages={112-118}
}

@article{huttmann2014, 
    title={Techniques for the Measurement and Monitoring of Carbon Dioxide in the Blood}, 
    volume={11}, 
    DOI={10.1513/annalsats.201311-387fr}, 
    number={4}, 
    journal={Annals of the American Thoracic Society}, 
    author={Huttmann, Sophie E. and Windisch, Wolfram and Storre, Jan H.}, 
    year={2014}, 
    pages = {645-652}
}

@article{majumder2017, 
    title="{Wearable Sensors for Remote Health Monitoring}", volume={17}, 
    DOI={10.3390/s17010130}, 
    number={1}, 
    journal={Sensors}, 
    author={Mujumder, Sumit and Mondal, Tapas and Deen, M. Jamal}, 
    year={2017}, 
    pages={1-45}
}
%author={A. C. W. Wong and D. McDonagh and O. Omeni and C. Nunn and M. Hernandez-Silveira and A. J. Burdett},
@article{wong2009, 
    author={A. C. W. Wong and others},
    journal={2009 Annual International Conference of the IEEE Engineering in Medicine and Biology Society (EMBC)}, 
    title="{Sensium: An Ultra-Low-Power Wireless Body Sensor Network Platform: Design \& Application Challenges}", 
    volume={}, 
    number={}, 
    pages={6576-6579}, 
    keywords={access protocols;analogue-digital conversion;biomedical communication;biomedical electronics;biomedical measurement;body area networks;digital signal processing chips;electrocardiography;medical signal processing;microprocessor chips;patient monitoring;system-on-chip;transceivers;wireless sensor networks;system-on-chip;ultra-low-power wireless body sensor network;Sensium;hardware MAC protocol;transceiver;microprocessor;IO peripherals;memories;ADC;real-time measurement;ECG;heart rate;body worn monitoring;physical activity;respiration;skin temperature;energy expenditure;LifePebble;digital patch;Wireless sensor networks;Body sensor networks;System-on-a-chip;Transceivers;Hardware;Media Access Protocol;Wireless application protocol;Microprocessors;Sensor systems;Heart rate measurement;Artifacts;Electric Power Supplies;Electrocardiography;Electrodes;Electromagnetic Fields;Electronics;Energy Metabolism;Equipment Design;Humans;Monitoring, Physiologic;Static Electricity;Telemetry}, 
    doi={10.1109/IEMBS.2009.5334001}, 
    ISSN={1094-687X}, 
    month={Sep.},
     year={2009}, 
}

@article{hernandez2014,
    author="Hernandez-Silveira, M. A.
    and Ang, S. S.
    and Burdett, A.",
    title="Challenges and Trade-Offs Involved in Designing Embedded Algorithms for a Low-Power Wearable Wireless Monitor",
    journal="The 15th International Conference on Biomedical Engineering",
    year="2014",
    publisher="Springer International Publishing",
    address="Cham",
    pages="416--419",
    abstract="Patient monitoring is an important part of healthcare workflow in hospitals. In the general ward, nurses typically check on patients three times a day by manually measuring and taking note of vital signs every eight hours. Sometimes this results in misdetection of adverse physiological events, which in turn may lead to severe and irreversible conditions. Although conventional bedside monitors could be used in general wards, they are expensive and impractical for ambulatory patient monitoring (bulky size and wires restricting patients' mobility).",
    isbn="978-3-319-02913-9"
}


@misc{sensium,
  author = "{SensiumVitals\textregistered}",
  title = {},
  url = {https://www.sensium.co.uk/},
  year = {}, 
  note = "[accessed 31-January-2019]"
}

@article{martin2018, 
    title="{Births: Final Data for 2016}", 
    volume={67}, 
    number={1}, 
    journal={National Vital Statistics Reports}, 
    publisher={Centers for Disease Control and Prevention},
    author={Martin, Joyce and Hamilton, Brandy and Osterman, Michelle and Driscoll, Anne and Drake, Parick}, 
    pages = {1-55},
    year={2018}, 
    month={Jan}
} 
%url={https://www.cdc.gov/mmwr/volumes/65/wr/mm6543a1.htm},
@article{ferre2016,
    title="{Effects of Maternal Age and Age-Specific Preterm Birth Rates on Overall Preterm Birth Rates — United States, 2007 and 2014}",
    journal={Morbidity and Mortality Weekly Report},
    volume={65}, 
    number={43},
    publisher={Centers for Disease Control and Prevention},
    author={Ferre, Cynthia and Callaghan, William and Olson, Christine and Sharma, Andrea and Barfield, Wanda},
    pages = {1181-1184},
    year={2016},
    month={Nov}
}

@article{mcbride2005, 
    title={Long-term effect of introducing an early warning score on respiratory rate charting on general wards}, 
    volume={65}, 
    DOI={10.1016/j.resuscitation.2004.10.015}, 
    number={1}, 
    journal={Resuscitation}, 
    author={Mcbride, Jackie and Knight, Debbie and Piper, Jo and Smith, Gary B}, 
    year={2005}, 
    pages={41–44}
}

%url={https://www.atsjournals.org/doi/full/10.1164/ajrccm.157.4.nhlb1-9\#readcube-epdf},
@article{severinghaus1998, 
    title={Blood Gas Analysis and Critical Care Medicine}, 
    volume={157}, 
     DOI={10.1164/ajrccm.157.4.nhlb1-9}, 
    journal={American Journal of Respiratory and Critical Care Medicine}, 
    author={Severinghaus, John W and Astrup, Paul and Murray, John}, 
    year={1998}, month={Apr}, 
    pages={S114–S122}
} 

@inbook{braun1990, 
    place={Boston, MA}, 
    edition={3}, 
    title={Respiratory Rate and Pattern}, 
    booktitle={Clinical Methods: The History, Physical, 
    and Laboratory Examinations. }, 
    publisher={Butterworths}, 
    author={Braun, Sheldon R}, 
    year={1990},
    pages={226–230}
} 

@article{haghi2017, 
    title={Wearable Devices in Medical Internet of Things: Scientific Research and Commercially Available Devices}, 
    volume={23}, 
    DOI={10.4258/hir.2017.23.1.4}, 
    number={1}, 
    journal={Healthcare Informatics Research}, 
    author={Haghi, Mostafa and Thurow, Kerstin and Stoll, Regina}, 
    year={2017}, 
    pages={4-15}
} 

@misc{march_of_dimes, 
    url={https://www.marchofdimes.org/peristats/pdfdocs/nicu_summary_final.pdf}
}

@article{harrison2015, 
    title={Epidemiologic Trends in Neonatal Intensive Care, 2007-2012}, 
    volume={169}, DOI={10.1001/jamapediatrics.2015.1305}, 
    number={9}, 
    journal={JAMA Pediatrics}, 
    author={Harrison, Wade and Goodman, David}, 
    year={2015}, 
    pages = {855-862}
} 

@article{ziegler2016, 
    title="{Variation in NICU Admission Rates Without Identifiable Cause}", 
    volume={6}, DOI={10.1542/hpeds.2015-0058}, 
    number={5}, journal={Hospital Pediatrics}, 
    author={Ziegler, K. A. and Paul, D. A. and Hoffman, M. and Locke, R.}, 
    year={2016},
    pages = {255-260}
} 

@article{harrison2018, 
    title={Regional Variation in Neonatal Intensive Care Admissions and the Relationship to Bed Supply}, 
    volume={192}, 
    DOI={10.1016/j.jpeds.2017.08.028}, 
    journal={The Journal of Pediatrics}, 
    author={Harrison, Wade N. and Wasserman, Jared R. and Goodman, David C.}, 
    pages = {73-79},
    year={2018}
} 

@misc{nhlbi_resp_failure, 
    title={Respiratory Failure}, 
    url={https://www.nhlbi.nih.gov/health-topics/respiratory-failure}, 
    journal={National Heart Lung and Blood Institute}, 
    publisher={U.S. Department of Health and Human Services}
}

@article{mayo_2017,
    author={},
    title={Premature birth}, 
    journal={Mayo Clinic}, 
    publisher={Mayo Foundation for Medical Education and Research}, 
    year={2017}, 
    month={Dec},
    url={https://www.mayoclinic.org/diseases-conditions/premature-birth/symptoms-causes/syc-20376730}, 
} 

@misc{cdc_copd_2018, 
    title="{Chronic Obstructive Pulmonary Disease (COPD)}", url={https://www.cdc.gov/copd/infographics/copd-costs.html}, 
    journal={Centers for Disease Control and Prevention}, publisher={Centers for Disease Control and Prevention}, year={2018}, 
    month={Feb}
} 

@article{guarascio2013, 
    title="{The clinical and economic burden of chronic obstructive pulmonary disease in the USA}", 
    DOI={10.2147/ceor.s34321}, journal={ClinicoEconomics and Outcomes Research}, 
    author={Guarascio, Anthony and Ray, Shaunta  and Finch, C K and Self, Timothy H.}, volume ={5}, year={2013}, 
    pages={235-245}
}

@article{reuter2014, 
    title={Respiratory Distress in the Newborn}, 
    volume={35}, 
    number={10}, 
    journal={Pediatrics in Review}, 
    author={Reuter, Suzanne and Moser, Chuanpit and Baack, Michelle}, year={2014}, 
    month={Oct}, 
    pages={417–429}
} 

@article{sarkar2017, 
    title={Mechanisms of Hypoxemia}, 
    journal={Lung India}, 
    author={Sarkar, Malay and Niranjan, N and Banyal, PK}, year={2017},
    volume = {34},
    number = {1},
    pages = {47-60},
    month={Jan}
} 
%author = {Qaseem, Amir and Wilt, Timothy J. and Weinberger, Steven E. and Hanania, Nicola A. and Criner, Gerard and van der Molen, Thys and Marciniuk, Darcy D. and Denberg, Tom and Schünemann, Holger and Wedzicha, Wisia and MacDonald, Roderick and Shekelle, Paul and for the American College of Physicians, the American College of Chest Physicians, the American Thoracic Society, and the European Respiratory Society}
%url = {https://dx.doi.org/10.7326/0003-4819-155-3-201108020-00008},
 %   eprint = {https://annals.org/acp/content\_public/journal/aim/11730/0000605-201108020-00008.pdf},
@article{qaseem2011,
    author = {Qaseem, Amir and others},
    title = "{Diagnosis and Management of Stable Chronic Obstructive Pulmonary Disease: A Clinical Practice Guideline Update from the American College of Physicians, American College of Chest Physicians, American Thoracic Society, and European Respiratory Society}",
    journal = {Annals of Internal Medicine},
    volume = {155},
    number = {3},
    pages = {179-191},
    year = {2011},
    month = {Aug},
    abstract = "{This guideline is an official statement of the American College of Physicians (ACP), American College of Chest Physicians (ACCP), American Thoracic Society (ATS), and European Respiratory Society (ERS). It represents an update of the 2007 ACP clinical practice guideline on diagnosis and management of stable chronic obstructive pulmonary disease (COPD) and is intended for clinicians who manage patients with COPD. This guideline addresses the value of history and physical examination for predicting airflow obstruction; the value of spirometry for screening or diagnosis of COPD; and COPD management strategies, specifically evaluation of various inhaled therapies (anticholinergics, long-acting β-agonists, and corticosteroids), pulmonary rehabilitation programs, and supplemental oxygen therapy.This guideline is based on a targeted literature update from March 2007 to December 2009 to evaluate the evidence and update the 2007 ACP clinical practice guideline on diagnosis and management of stable COPD.ACP, ACCP, ATS, and ERS recommend that spirometry should be obtained to diagnose airflow obstruction in patients with respiratory symptoms (Grade: strong recommendation, moderate-quality evidence). Spirometry should not be used to screen for airflow obstruction in individuals without respiratory symptoms (Grade: strong recommendation, moderate-quality evidence).For stable COPD patients with respiratory symptoms and FEV1 between 60\\% and 80\\% predicted, ACP, ACCP, ATS, and ERS suggest that treatment with inhaled bronchodilators may be used (Grade: weak recommendation, low-quality evidence).For stable COPD patients with respiratory symptoms and FEV1 \\&lt;60\\% predicted, ACP, ACCP, ATS, and ERS recommend treatment with inhaled bronchodilators (Grade: strong recommendation, moderate-quality evidence).ACP, ACCP, ATS, and ERS recommend that clinicians prescribe monotherapy using either long-acting inhaled anticholinergics or long-acting inhaled β-agonists for symptomatic patients with COPD and FEV1 \\&lt;60\\% predicted. (Grade: strong recommendation, moderate-quality evidence). Clinicians should base the choice of specific monotherapy on patient preference, cost, and adverse effect profile.ACP, ACCP, ATS, and ERS suggest that clinicians may administer combination inhaled therapies (long-acting inhaled anticholinergics, long-acting inhaled β-agonists, or inhaled corticosteroids) for symptomatic patients with stable COPD and FEV1\\&lt;60\\% predicted (Grade: weak recommendation, moderate-quality evidence).ACP, ACCP, ATS, and ERS recommend that clinicians should prescribe pulmonary rehabilitation for symptomatic patients with an FEV1 \\&lt;50\\% predicted (Grade: strong recommendation, moderate-quality evidence). Clinicians may consider pulmonary rehabilitation for symptomatic or exercise-limited patients with an FEV1 \\&gt;50\\% predicted. (Grade: weak recommendation, moderate-quality evidence).ACP, ACCP, ATS, and ERS recommend that clinicians should prescribe continuous oxygen therapy in patients with COPD who have severe resting hypoxemia (Pao2 ≤55 mm Hg or Spo2 ≤88\\%) (Grade: strong recommendation, moderate-quality evidence).}",
    issn = {0003-4819},
    doi = {10.7326/0003-4819-155-3-201108020-00008},
    
}

@article{brouillette1997, 
    title={Evaluation of the newborn’s blood gas status}, 
    volume={43}, number={1}, 
    journal={Clinical Chemistry}, 
    author={Brouillette, Robert T and Waxman, David H}, 
    pages = {215-221},
    year={1997}
} 

@article{zeserson2018, 
    title="{Correlation of Venous Blood Gas and Pulse Oximetry With Arterial Blood Gas in the Undifferentiated Critically Ill Patient}", 
    volume={33}, 
    number={3}, 
    journal={Journal of Intensive Care Medicine}, 
    author={Zeserson, Eil and others}, 
    pages = {176-181},
    year={2018}
} 

@article{awasthi2013, 
    title={Peripheral venous blood gas analysis: An alternative to arterial blood gas analysis for initial assessment and resuscitation in emergency and intensive care unit patients}, 
    volume={7}, 
    DOI={10.4103/0259-1162.123234}, 
    number={3}, 
    journal={Anesthesia: Essays and Researches}, 
    author={Awasthi, Shilpi and Malviya, Deepak and Rani, Raka}, 
    year={2013}, 
    pages = {355-358}
} 

@misc{magnet2018, 
    place={Therwil, Switzerland}, 
    title={Continuous, noninvasive tcPCO2 monitoring of patients with chronic respiratory failure using the SenTec Digital Monitoring System}, 
    author={Magnet, Friederike}, 
    year={2018}
} 

@misc{sentec2018, 
    place={Therwil, Switzerland}, 
    title={Digital Transcutaneous Blood Gas Monitoring}, 
    journal={Digital Transcutaneous Blood Gas Monitoring}, 
    publisher={SenTec AG}, 
    author={SenTec}, 
    year={2018}
} 

%author={Committee on Fetus and Newborn}, 
@article{aap2008, 
    title={Hospital Discharge of the High-Risk Neonate}, 
    volume={122}, number={5}, 
    journal={American Academy of Pediatrics}, 
    author="{Committee on Fetus and Newborn}", 
    year={2008}, 
    month={Nov}, 
    pages = {1119-1126}
}

@article{xu2018, 
    title={Deaths: Final Data for 2016}, 
    volume={67}, 
    number={5}, 
    journal={National Vital Statistics Reports}, 
    author={Xu, Jiaquan and Murphy, Sherry L and Kochanek, Kenneth D and Bastian, Brigham and Arias, Elizabeth}, 
    pages = {1-76},
    year={2018}
} 

@article{shankar1998, 
    title="{Transcutaneous PCO$_2$ monitoring during laparoscopic cholecystectomy in pregnancy}", 
    volume={45}, 
    number={2}, 
    journal={Can J Anaesth}, 
    author={Bhavani-Shankar,K and others}, 
    pages = {164-169},
    year={1998}
} 

@article{drummond1997, 
    title="{Transcutaneous Carbon Dioxide Measurement after Craniotomy in Spontaneously Breathing Patients}",
    volume={41}, 
    number={2}, 
    journal={Neurosurgery}, 
    author={Drummond,K J and others}, 
    month = {Aug},
    pages = {361-365},
    year={1997}
} 

@article{tobias1999, 
    title="{Transcutaneous Monitoring of Carbon Dioxide Tension After Cardiothoracic Surgery in Infants and Children}", 
    volume={88}, 
    number={3}, 
    journal={Anesth Analg}, 
    author={Tobias,J D and others}, 
    month = {Mar},
    pages = {531-534},
    year={1999}
} 

@article{hsu2005, 
    title="{Design and Clinical Monitoring of a newly developed non-attached infant apnea monitor}", 
    volume={17}, 
    number={3}, 
    journal={Biomedical Engineering Applications, Basis \& Communications}, 
    author={Hsu,C H and Chow, J C},
    pages = {126-134},
    year={2005}
} 


@article{zhu2005,
    author={Zhu, Z and Fei, J and Pavlidis, I},
    journal={2005 IEEE Symposium on Bioinformatics and Bioengineering (BIBE)},
    title={Tracking Human Breath in Infrared Imaging},
    year={2005},
    volume={},
    number={},
    pages={1-6},
    keywords={},
    doi={},
    ISSN={},
    month={}
}

@misc{fitbit,
  author = "Fitbit",    
  title = "{Fitbit Fitness Tracker}",
  url = {https://www.fitbit.com/home},
  year = {}, 
  note = "[accessed 15-February-2019]"
}

@misc{hexoskin,
  author = "{Hexoskin}",
  title = "{Hexoskin Biometric Shirt}",
  url = {https://www.hexoskin.com/},
  year = {}, 
  note = "[accessed 15-February-2019]"
}

@misc{garmin,
  author = {Garmin},
  title = {Garmin Fitness Tracking},
  url = {https://buy.garmin.com/en-US/US/cIntoSports-c571-p1.html},
  year = {}, 
  note = "[accessed 15-February-2019]"
}


@inbook{rhein2018, 
    place={Cambridge}, 
    title={Measures of Carbon Dioxide}, 
    DOI={10.1017/9781107707016.006},
    booktitle={Essentials of Anesthesia for Infants and Neonates}, 
    publisher={Cambridge University Press}, 
    author={Rhein, Lawrence and Greco, Christine and Matthes, Kai}, 
    editor={McCann, Mary EllenEditor}, 
    year={2018}, 
    pages={38–44}
}

@article{madan2017,
title = "{Correlation between the levels of SpO$_2$ and PaO$_2$}",
journal = "Lung India",
volume = "34",
pages = "307 - 308",
year = "2017",
issn = "",
doi = "10.4103/lungindia.lungindia_106_17",
url = "",
author = "Madan, Arun",
keywords = "",
abstract = ""
}

@article{pullano2017,
    author={S. A. {Pullano} and I. {Mahbub} and M. G. {Bianco} and S. {Shamsir} and S. K. {Islam} and M. S. {Gaylord} and V. {Lorch} and A. S. {Fiorillo}},
    journal={IEEE Reviews in Biomedical Engineering},
    title={Medical Devices for Pediatric Apnea Monitoring and Therapy: Past and New Trends},
    year={2017},
    volume={10},
    number={},
    pages={199-212},
    keywords={biomedical equipment;paediatrics;patient diagnosis;patient monitoring;patient treatment;reviews;skin;sleep;medical devices;pediatric apnea monitoring;pediatric apnea therapy;pediatric population;preterm newborn infants;patient diagnosis;patient therapy;invasive devices;sensitive skin;clinical sleep analysis;point-of-care diagnosis;sleep disorder;integrated devices;review;sleep apnea detection;home-based applications;Electrodes;Pediatrics;Integrated circuits;Impedance;Sleep apnea;Sensors;Biomedical monitoring;Apnea;continuous positive airway pressure (CPAP);high-flow nasal cannula (HFNC);integrated circuits;monitoring devices;preterm infants (PIs);polysomnography;sensors;therapy;transthoracic impedance;wireless applications},
    doi={10.1109/RBME.2017.2757899},
    ISSN={1937-3333},
    month={},
}

@ARTICLE{zito2011,
    author={D. {Zito} and D. {Pepe} and M. {Mincica} and F. {Zito} and A. {Tognetti} and A. {Lanata} and D. {De Rossi}},
    journal={IEEE Transactions on Biomedical Circuits and Systems},
    title="{SoC CMOS UWB Pulse Radar Sensor for Contactless Respiratory Rate Monitoring}",
    year={2011},
    volume={5},
    number={6},
    pages={503-510},
    keywords={biosensors;CMOS integrated circuits;paediatrics;pneumodynamics;system-on-chip;ultra wideband radar;SoC CMOS UWB pulse radar sensor;contactless respiratory rate monitoring;radar testchip;adult;baby;field operational tests;subcentimeter chest movements;continuous-time noninvasive monitoring;obstructive apneas;cot beds;Ultra wideband radar;System-on-a-chip;CMOS technology;Biomedical monitoring;Sleep apnea;Biomedical monitoring;CMOS technology;contactless sensing;sleep apnea;ultra-wideband radar},
    doi={10.1109/TBCAS.2011.2176937},
    ISSN={1932-4545},
    month={Dec}
}


@article{gupta2011, 
    place={Dallas, TX}, 
    title={Respiration Rate Measurement Based on Impedance Pneumography}, journal={Texas Instrumentation Application Report}, institution={Texas Instruments}, 
    author={Gupta, Amit K}, pages = {1-11},
    year={2011}
} 

@article{kira1971, 
    title={Transthoracic electrical impedance variations associated with respiration}, 
    volume={30}, 
    DOI={10.1152/jappl.1971.30.6.820}, 
    number={6}, 
    journal={Journal of Applied Physiology}, 
    author={Kira, S. and Hukushima, Y. and Kitamura, S. and Ito, A.}, year={1971},
    pages = {820-826}
}

@article{barker1973, 
    title={Simple impedance pneumograph and volume integrator}, 
    volume={11}, 
    DOI={10.1007/bf02475546}, 
    number={3}, 
    journal={Medical \& Biological Engineering}, 
    author={Barker, A. and Brown, B. H.}, year={1973}, 
    pages = {352-353}
}

@article{ray2015, 
    title={Auscultation of the respiratory system - some additional points}, DOI={10.4103/1817-1737.165311}, 
    journal={Annals of Thoracic Medicine}, 
    author={Ray, Animesh}, 
    volume = {10},
    number = {4},
    month = {Dec.},
    pages = {296-296},
    year={2015}
} 

@misc{cleveland_clinic_hypoxemia, 
    title={Hypoxemia (Low Blood Oxygen)}, url={https://my.clevelandclinic.org/health/diseases/17727-hypoxemia}, 
    journal={Cleveland Clinic}
} 

% author = {Chung, Ha Uk and Kim, Bong Hoon and Lee, Jong Yoon and Lee, Jungyup and Xie, Zhaoqian and Ibler, Erin M. and Lee, KunHyuck and Banks, Anthony and Jeong, Ji Yoon and Kim, Jongwon and Ogle, Christopher and Grande, Dominic and Yu, Yongjoon and Jang, Hokyung and Assem, Pourya and Ryu, Dennis and Kwak, Jean Won and Namkoong, Myeong and Park, Jun Bin and Lee, Yechan and Kim, Do Hoon and Ryu, Arin and Jeong, Jaeseok and You, Kevin and Ji, Bowen and Liu, Zhuangjian and Huo, Qingze and Feng, Xue and Deng, Yujun and Xu, Yeshou and Jang, Kyung-In and Kim, Jeonghyun and Zhang, Yihui and Ghaffari, Roozbeh and Rand, Casey M. and Schau, Molly and Hamvas, Aaron and Weese-Mayer, Debra E. and Huang, Yonggang and Lee, Seung Min and Lee, Chi Hwan and Shanbhag, Naresh R. and Paller, Amy S. and Xu, Shuai and Rogers, John A.},
%URL = {http://science.sciencemag.org/content/363/6430/eaau0780},
	%eprint = {http://science.sciencemag.org/content/363/6430/eaau0780.full.pdf},
@article {chunge2019,
	author = {Chung, Ha Uk and others},
	title = {Binodal, wireless epidermal electronic systems with in-sensor analytics for neonatal intensive care},
	volume = {363},
	number = {6430},
	elocation-id = {eaau0780},
	year = {2019},
	doi = {10.1126/science.aau0780},
	publisher = {American Association for the Advancement of Science},
	pages = {1-12},
	journal = {Science}
}

@article{mahbub2017,
    author={I. {Mahbub} and T. {Oh} and S. {Shamsir} and S. K. {Islam} and S. A. {Pullano} and A. S. {Fiorillo}},
    journal={2017 IEEE Region 10 Humanitarian Technology Conference (R10-HTC)},
    title={Design of a pyroelectric charge amplifier and a piezoelectric energy harvester for a novel non-invasive wearable and self-powered respiratory monitoring system},
    year={2017},
    volume={},
    number={},
    pages={105-108},
    keywords={biomedical electronics;biomedical telemetry;body sensor networks;CMOS integrated circuits;energy harvesting;low-power electronics;medical disorders;medical signal processing;patient monitoring;piezoelectric transducers;pneumodynamics;pyroelectricity;piezoelectric energy harvester;self-powered respiratory monitoring system;pyroelectric material-based sensors;neonatal infants;chronic breathing disorder;design topology;noise efficiency factor;noninvasive wearable device;harvesting energy;piezoelectric transducer;pyroelectric charge amplifier;CMOS process;size 130.0 nm;Monitoring;Sensors;Pediatrics;Rectifiers;Piezoelectric transducers;Cutoff frequency;Respiration Monitoring;Pyroelectric Sensor;Energy Harvesting;Piezoelectric Transducer},
    doi={10.1109/R10-HTC.2017.8288917},
    ISSN={2572-7621},
    month={Dec},
}

@ARTICLE{lee2015,
    author={W. {Lee} and S. {Cho}},
    journal={IEEE Journal of Solid-State Circuits},
    title={Integrated All Electrical Pulse Wave Velocity and Respiration Sensors Using Bio-Impedance},
    year={2015},
    volume={50},
    number={3},
    pages={776-785},
    keywords={bioelectric phenomena;biomedical communication;biomedical electronics;CMOS integrated circuits;electric sensing devices;electrocardiography;medical signal processing;pneumodynamics;signal sampling;volume measurement;heart rate;BCC transceiver;BI sensor;CMOS process;exhalation;inhalation;volume change;abdomen;sampling rate mismatch;ECG signal;analog-modulated body-channel communication;PWV;wire-free integrated sensors;bioimpedance;respiration sensors;integrated all electrical pulse wave velocity;size 0.11 mum;power 1.28 mW;voltage 1.2 V;Sensors;Electrocardiography;Impedance;Body channel communication;Medical devices;Body channel communication (BCC);pulse wave velocity (PWV);respiration;healthcare;VCO-based ADC},
    doi={10.1109/JSSC.2014.2380781},
    ISSN={0018-9200},
    month={March},
}

@book{openstax, 
    author = {J. Gordon Betts and others},
    title={Transport of Gases},
    booktitle={Anatomy and Physiology}, 
    howpublished ={https://cnx.org/contents/FPtK1zmh@15.1:3s_Xyutk@9/22-5-Transport-of-Gases}, 
   publisher={OpenStax}, 
   place="Houston, TX",
   year="2017"
}
    
@online{MCU,
    author    = "{T}exas {I}nstruments}",
    title     = "{C}{C}2650{M}{O}{D}{A} {D}atasheet}",
    url       = "http://www.ti.com/lit/ds/swrs187a/swrs187a.pdf/ (Accessed February 2019)"
}

@book{bahns2015, 
    place={Lubeck, Germany}, 
    title={The Breathing Book: Spontaneous breathing during artificial ventilation}, 
    publisher={Drager Medical GmbH}, 
    author={Bahns, Ernt}, 
    year={2015}
}

@ARTICLE{tavakoli2010,
    author={M. {Tavakoli} and L. {Turicchia} and R. {Sarpeshkar}},
    journal={IEEE Transactions on Biomedical Circuits and Systems},
    title={An Ultra-Low-Power Pulse Oximeter Implemented With an Energy-Efficient Transimpedance Amplifier},
    year={2010},
    volume={4},
    number={1},
    pages={27-38},
    doi={10.1109/TBCAS.2009.2033035},
    ISSN={1932-4545},
    month={Feb},
}

@article{carlson2012, 
    title="{Modeling Oxygen and Carbon Dioxide Transport and Exchange Using a Closed Loop Circulatory System}", 
    DOI={10.1007/978-0-387-74911-2_39}, 
    journal={Adv Exp Med Biol.}, 
    author={Carlson, Brian E. and Anderson, Joseph C. and Raymond, Gary M. and Dash, Ranjan K. and Bassingthwaighte, James B.}, 
    volume = {614},
    pages = {353-360},
    year = {2008}
} 
% Tan, Ratna N. G. B and Mulder, Estelle E. M. and Lopriore, Enrico and Pas, Arjan B. te
@article{tan2015, 
    title={Monitoring oxygenation and gas exchange in neonatal intensive care units: current practice in the {Netherlands}}, 
    DOI={10.3389/fped.2015.00094}, 
    journal={Front. Pediatr}, 
    author={Tan, Ratna N. G. B and others}, 
     year={2015},
    volume={3},
    number={94},
    pages={1-5}
} 

@article{guler2017, 
    author={U. {Guler} and M. {Ghovanloo}},
    journal={IEEE Circuits and Systems Magazine},
    title={Power Management in Wireless Power-Sipping Devices: A Survey},
    year={2017},
    volume={17},
    number={4},
    pages={64--82},
} 

@article{ieee11073, 
    author={},
    journal={IEEE Std 11073-00101-2008},
    title={Health Informatics - PoC Medical Device Communication - Part 00101: Guide--Guidelines for the Use of RF Wireless Technology},
    year={2008},
    volume={},
    number={},
    pages={1-99},
    ISSN={},
    month={Dec}
}

@article{li2010, 
    title={Data security and privacy in wireless body area networks}, 
    volume={17}, 
    DOI={10.1109/mwc.2010.5416350}, 
    number={1}, 
    journal={IEEE Wireless Communications}, 
    author={Li, Ming and Lou, Wenjing and Ren, Kui},
    year={2010}, 
    pages={51--58}
} 

% Raza, Muhammad Akram and Habib, Anam and Kanwal, 
% Zakia and Hussain, Syed Sajjad and Iqbal,
% Muhammad Javaid and Saleem, Murtaza and Riaz, Saira and Naseem, Shahzad
@article{raza2018, 
    title={Optical CO2 Gas Sensing Based on TiO2 Thin Films of Diverse Thickness Decorated with Silver Nanoparticles}, 
    volume={2018}, DOI={10.1155/2018/2780203}, 
    journal={Advances in Materials Science and Engineering}, 
    author={Raza, Muhammad Akram and others}, 
    year={2018}, 
    pages={1--12}
} 
% Ramanathan, R.  and Corwin, M. J.  and Hunt, C. E.  and Lister, G.  and Tinsley, L. R.  and Baird, T.  and Silvestri, J. M.  and Crowell, D. H.  and Hufford, D.  and Martin, R. J.  and Neuman, M. R.  and Weese-Mayer, D. E.  and Cupples, L. A.  and Peucker, M.  and Willinger, M.  and Keens, T. G. 
@Article{ramanathan2001,
   Author="Ramanathan, R.  and others",
   Title="{{C}ardiorespiratory events recorded on home monitors: {C}omparison of healthy infants with those at increased risk for {S}{I}{D}{S}}",
   Journal="JAMA",
   Year="2001",
   Volume="285",
   Number="17",
   Pages="2199--2207",
   Month="May",
   pmid="11325321"
}

@Article{sendelbach2013,
   Author="Sendelbach, S.  and Funk, M. ",
   Title="{{A}larm fatigue: a patient safety concern}",
   Journal="AACN Adv Crit Care",
   Year="2013",
   Volume="24",
   Number="4",
   Pages="378--386",
   pmid="24153215"
}


@Article{houran2018,
    AUTHOR = {Abou Houran, Mohamad and Yang, Xu and Chen, Wenjie},
    TITLE = {Magnetically Coupled Resonance WPT: Review of Compensation Topologies, Resonator Structures with Misalignment, and EMI Diagnostics},
    JOURNAL = {Electronics},
    VOLUME = {7},
    YEAR = {2018},
    NUMBER = {11},
    ARTICLE-NUMBER = {296},
    URL = {http://www.mdpi.com/2079-9292/7/11/296},
    ISSN = {2079-9292},
    DOI = {10.3390/electronics7110296}
}

% Kim, Jayoung and Kumar, Rajan and Bandodkar, Amay J. and Wang, Joseph
@article{kim2016,
    author = {Kim, Jayoung and others},
    title = {Advanced Materials for Printed Wearable Electrochemical Devices: A Review},
    journal = {Advanced Electronic Materials},
    volume = {3},
    number = {1},
    pages = {1600260},
    keywords = {batteries, biofuel cells, printed wearable electronics, sensors, supercapacitors},
    doi = {10.1002/aelm.201600260},
    url = {https://onlinelibrary.wiley.com/doi/abs/10.1002/aelm.201600260},
    eprint = {https://onlinelibrary.wiley.com/doi/pdf/10.1002/aelm.201600260},
    year = {2017}
}

% url={\url{https://www.ncbi.nlm.nih.gov/books/NBK54114/}}, 
@inbook{pittman2011, 
    place={San Radael, CA}, 
    title={Chapter 3: The Respiratory System and Oxygen Transport}, 
    booktitle={Regulation of Tissue Oxygen}, publisher={Morgan \& Claypool Life Sciences}, author={Pittman, Roland N}, year={2011}
}

@misc{licor2009, 
    place={Lincoln, NE}, 
    title="{The LI-820 CO$_2$ Gas Analyzer}", url={https://www.licor.com/documents/kt3l5jl3b2fcrxcn5zri}, 
    journal={The LI-820 CO2 Gas Analyzer}, 
    publisher={LI-COR}, 
    author={LI-COR}, 
    year={2009}
}

% 12131126 
@Article{severinghaus2002,
   Author="Severinghaus, J. W. ",
   Title="{{T}he invention and development of blood gas analysis apparatus}",
   Journal="Anesthesiology",
   Year="2002",
   Volume="97",
   Number="1",
   Pages="253--256",
   Month="Jul"
}

@misc{clia88,
    title={Clinical Laboratory Improvement Amendments of 1988. 102 Stat. 2903, Public Law 100-578}, 
    journal={Clinical laboratory improvement amendment: CLIA 88}, 
    publisher={USC 100}
} 

@misc{hipaa96,
    title={Health Insurance Portability and Accountability Act of 1996. 110 Stat. 1936, Public Law 104-191}, 
} 

@article{jubran2015, 
    Author="Jubran, A. ",
   Title="{{P}ulse oximetry}",
   Journal="Crit Care",
   Year="2015",
   Volume="19",
   pages = "272",
   Month="Jul",
   pmid="26179876",
   pmc="PMC4504215"
} 
% Rui Liu and Teng Xiao and Weipan Cui and Joseph Shinar and Ruth Shinar
@article{liu2013,
    title = "Multiple approaches for enhancing all-organic electronics photoluminescent sensors: Simultaneous oxygen and pH monitoring",
    journal = "Analytica Chimica Acta",
    volume = "778",
    pages = "70 - 78",
    year = "2013",
    issn = "0003-2670",
    doi = "https://doi.org/10.1016/j.aca.2013.03.042",
    url = "http://www.sciencedirect.com/science/article/pii/S0003267013004017",
    author = "Rui Liu and others",
    pmid="23639401"
}
% Babilas, Philipp and Lamby, Philipp and Prantl, Lukas and Schreml, Stephan and Jung, Ernst Michael and Liebsch, Gregor and Wolfbeis, Otto S. and Landthaler, Michael and Szeimies, Rolf-Markus and Abels, Christoph
@article{babilas2008,
    author = {Babilas, Philipp and others},
    title = {Transcutaneous pO2 imaging during tourniquet-induced forearm ischemia using planar optical oxygen sensors},
    journal = {Skin Res Technol},
    volume = {14},
    number = {3},
    pages = {304-311},
    keywords = {microcirculation, luminescence lifetime imaging, two-dimensional, Clark electrode},
    doi = {10.1111/j.1600-0846.2008.00295.x},
    url = {https://onlinelibrary.wiley.com/doi/abs/10.1111/j.1600-0846.2008.00295.x},
    eprint = {https://onlinelibrary.wiley.com/doi/pdf/10.1111/j.1600-0846.2008.00295.x},
    abstract = {},
    year = {2008},
    pmid={19159376}
}

@INPROCEEDINGS{konijnenburg2019,
    author={Konijnenburg, Mario and others},
    booktitle={2019 IEEE International Solid State Conference (ISSCC)},
    title={A 769 uW Battery-Powered Single-Chip SoC with BLE for Multi-Modal Vital Sign Health Patches},
    year={2019},
    volume={},
    number={},
    pages={360-362},
    keywords={},
    doi={},
    ISSN={},
    month={}
}

% Veit, Lauren and Amberson, Michael and Freiberger, Christina and Montenegro, Brian and Mukhopadhyay, Sagori and Rhein, Lawrence M.
@article{veit2016, 
    title={Diagnostic Evaluation and Home Monitor Use in Late Preterm to Term Infants With Apnea, Bradycardia, and Desaturations}, 
    volume={55}, 
    DOI={10.1177/0009922816635808}, 
    number={13}, 
    journal={Clin Pediatr (Phila)}, 
    author={Veit, Lauren and others}, 
    year={2016},
    pages={1210--1218},
    pmid={26957524}
} 
% alm, Kara and Simoneau, Tregony and Sawicki, Gregory and Rhein, Lawrence}
@article{palm2011,
    title={Assessment of Current Strategies for Weaning Premature Infants From Supplemental Oxygen in the Outpatient Setting}, 
    volume={11}, 
    DOI={10.1097/anc.0b013e318229be3d}, 
    number={5}, 
    journal={Adv Neonatal Care}, 
    author={Palm, Kara and others}, 
    year={2011}, 
    pages={349--356},
    pmid={22123406}
}
% Ballantyne, M. and Stevens, B. and Guttmann, A. and Willan, A. R. and Rosenbaum, P.
@article{ballantyne2013, 
    title={Maternal and infant predictors of attendance at Neonatal Follow-Up programmes}, 
    volume={40}, 
    DOI={10.1111/cch.12015}, 
    number={2}, 
    journal={Child Care Health Dev}, 
    author={Ballantyne, M. and others}, 
    year={2013}, 
    pages={250--258},
    pmid={23294101}
    
} 
%  Konnikova, L.  and McGeachey, A.  and Pruchniewski, M.  and Smith, V. C. 
@article{rhein2012, 
    Author="Rhein, L. M.  and others",
   Title="{{T}he role of pulmonary follow-up in reducing health care utilization in infants with bronchopulmonary dysplasia}",
   Journal="Clin Pediatr (Phila)",
   Year="2012",
   Volume="51",
   Number="7",
   Pages="645--650",
   Month="Jul",
   pmid="22492835"
}
} 

@article{marchionni2013,
author = {Marchionni,P.  and Scalise,L.  and Ercoli,I.  and Tomasini,E. P. },
title = {An optical measurement method for the simultaneous assessment of respiration and heart rates in preterm infants},
journal = {Review of Scientific Instruments},
volume = {84},
number = {12},
pages = {121705},
year = {2013},
doi = {10.1063/1.4845635}
},

@article{ali2016,
title = "Remote respiratory monitoring system based on developing motion magnification technique",
journal = "Biomedical Signal Processing and Control",
volume = "29",
pages = "1 - 10",
year = "2016",
issn = "1746-8094",
doi = "https://doi.org/10.1016/j.bspc.2016.05.002",
url = "http://www.sciencedirect.com/science/article/pii/S1746809416300441",
author = "Ali Al-Naji and Javaan Chahl",
keywords = "Video processing, Motion magnification, Wavelet pyramid decomposition, Motion detection, Frame subtraction",
abstract = "The aim of this study is to detect and measure the rate and timing parameters of the respiratory cycle at a distance from different sleeping positions of a baby based on video imagery. This study relied on amplifying motion resulting from movement of the chest caused by inhalation and exhalation. A motion magnification technique based on a wavelet decomposition and an elliptic filter was used to magnify breathing movement that is difficult to see with the naked eye. A novel measuring method based on motion detection was used to measure respiratory rate and its time parameters by detecting the fastest moving areas in the magnified video frame sequences. The video frames were converted into a corresponding logical matrix. The experimental results on several videos for the baby at different sleeping positions show that the remote respiratory monitoring system has an accuracy of 99\%. The proposed system has very low computational complexity, is feasible and safe making it suitable for the design of next generation non-contact vital signs monitoring systems."
}


@article{nassar2017, 
   Author="Nassar, B. S.  and Schmidt, G. A. ",
   Title="{{E}stimating {A}rterial {P}artial {P}ressure of {C}arbon {D}ioxide in {V}entilated {P}atients: {H}ow {V}alid {A}re {S}urrogate {M}easures?}",
   Journal="Ann Am Thorac Soc",
   Year="2017",
   Volume="14",
   Number="6",
   Pages="1005--1014",
   Month="Jun",
   pmid="28570147"
}

@misc{tobias2004, 
    title={Transcutaneous carbon dioxide monitoring in the Pediatric Intensive Care Unit}, url={https://acutecaretesting.org/en/articles/transcutaneous-carbon-dioxide-monitoring-in-the-pediatric-intensive-care-unit}, 
    journal={Transcutaneous carbon dioxide monitoring in the Pediatric Intensive Care Unit}, 
    author={Tobias, Joseph D}, 
    year={2004}, 
    month={Jun}
} 

@misc{masimo2013, 
    title={Emerging Uses of Capnography in Emergency Medicine}, url={http://www.masimo.com/siteassets/us/documents/pdf/lab7849a_whitepaper_emerging_uses_of_capnometry_in_emergency_medicine.pdf}, journal={masimo.com}, 
    publisher={Masimo Corporation}, 
    year={2013}
} 

@misc{masimo2017, 
    author = {Masimo},
    title={EMMA™Capnograph}, url={http://www.masimo.com/siteassets/us/documents/pdf/plm-10642a_product_information_emma_capnograph_us.pdf}, journal={masimo.com}, 
    publisher={Masimo Corporation}, 
    year={2017}
} 

@article{ortega2012,
    author = {Ortega, Rafael and Connor, Christopher and Kim, Sora and Djang, Robin and Patel, Kunal},
    title = {Monitoring Ventilation with Capnography},
    journal = {New England Journal of Medicine},
    volume = {367},
    number = {19},
    pages = {e27},
    year = {2012},
    doi = {10.1056/NEJMvcm1105237}
}
 @misc{masimo2018, 
     author = {Masimo},
     title="{Rainbow Acoustic Monitoring}",
     url={http://www.masimo.com/siteassets/us/documents/pdf/plm-11467a-brochure-rainbow-acoustic-monitoring-us.pdf},
     journal={masimo.com}, 
     publisher={Masimo Corporation}, 
     year={2018}
 } 
%  . {Capraro} and C. {Etebari} and K. {Luchette} and L. {Mercurio} and D. {Merck} and I. {Kirenko} and K. {van Zon} and M. {Bartula} and M. {Rocque} and L. {Kobayashi}
 @article{capraro2018,
    author={G. {Capraro} and others},
    journal={2018 IEEE Biomedical Circuits and Systems Conference (BioCAS)},
    title={‘No Touch’ Vitals: A Pilot Study of Non-contact Vital Signs Acquisition in Exercising Volunteers},
    year={2018},
    volume={},
    number={},
    pages={1-4},
    keywords={behavioural sciences;biomechanics;biothermics;blood flow measurement;cardiovascular system;image segmentation;infrared imaging;medical image processing;patient monitoring;photoplethysmography;pneumodynamics;skin;temperature measurement;thermometers;no touch vitals;noncontact vital signs acquisition;accurate noncontact acquisition;patient vital signs;motion analysis;IR;respiratory rate;noncontact approaches;standard contact cardiorespiratory monitors;RR measurements;video segments;oral temperature range;vital signs;Temperature measurement;Heart rate;Atmospheric measurements;Particle measurements;Temperature sensors;Manuals;Regression analysis;body temperature;emergency medicine;emergency treatment;heart rate;infrared spectrophotometry;photoplethysmo-graphy;respiratory rate;thermography;triage;vital signs},
    doi={10.1109/BIOCAS.2018.8584713},
    ISSN={2163-4025},
    month={Oct}
}
% addison, P. S.  and Jacquel, D.  and Foo, D. M. H.  and Antunes, A.  and Borg, U. R. 
@Article{addison2017,
   Author="Addison, P. S.  and others",
   Title="{{V}ideo-{B}ased {P}hysiologic {M}onitoring {D}uring an {A}cute {H}ypoxic {C}hallenge: {H}eart {R}ate, {R}espiratory {R}ate, and {O}xygen {S}aturation}",
   Journal="Anesth. Analg.",
   Year="2017",
   Volume="125",
   Number="3",
   Pages="860-873",
   Month="Sept"
}
% H. {Aoki} and Y. {Takemura} and K. {Mimura} and M. {Nakajima}
@article{aoki2001,
    author={H. {Aoki} and others},
    journal={MHS2001. Proceedings of 2001 International Symposium on Micromechatronics and Human Science (Cat. No.01TH8583)},
    title={Development of non-restrictive sensing system for sleeping person using fiber grating vision sensor},
    year={2001},
    volume={},
    number={},
    pages={155-160},
    keywords={diffraction gratings;pneumodynamics;patient monitoring;sleep;CCD image sensors;biomedical imaging;nonrestrictive sensing system;sleeping person;fiber grating vision sensor;visual sensing system;paroxysm accidents;elderly persons;sick persons;visual sensor;respiration monitoring;motion monitoring;Optical fiber sensors;Fiber gratings;Sensor systems;Sleep;Charge coupled devices;Charge-coupled image sensors;Accidents;Cardiac disease;Biomedical monitoring;Privacy},
    doi={10.1109/MHS.2001.965238},
    ISSN={},
    month={Sep.}
}

% 26531215 
@Article{watkins2016,
   Author="Watkins, T.  and Whisman, L.  and Booker, P. ",
   Title="{{N}ursing assessment of continuous vital sign surveillance to improve patient safety on the medical/surgical unit}",
   Journal="J Clin Nurs",
   Year="2016",
   Volume="25",
   Number="1-2",
   Pages="278--281",
   Month="Jan"
}

% 29474347 
@Article{vincent2018,
   Author="Vincent, J. L.  and Einav, S.  and Pearse, R.  and Jaber, S.  and Kranke, P.  and Overdyk, F. J.  and Whitaker, D. K.  and Gordo, F.  and Dahan, A.  and Hoeft, A. ",
   Title="{{I}mproving detection of patient deterioration in the general hospital ward environment}",
   Journal="Eur J Anaesthesiol",
   Year="2018",
   Volume="35",
   Number="5",
   Pages="325--333",
   Month="05"
}

@ARTICLE{tseng2018,
author={C. {Tseng} and L. {Yu} and J. {Huang} and C. {Chang}},
    journal={IEEE Transactions on Microwave Theory and Techniques},
    title={A Wearable Self-Injection-Locked Sensor With Active Integrated Antenna and Differentiator-Based Envelope Detector for Vital-Sign Detection From Chest Wall and Wrist},
    year={2018},
    volume={66},
    number={5},
    pages={2511-2521},
    keywords={active antennas;amplitude modulation;biomedical communication;biomedical equipment;demodulation;frequency modulation;medical signal detection;microwave detectors;oximetry;patient monitoring;sensors;vital-sign detection;chest wall;self-oscillating active integrated antenna;AIA;electromagnetic signal;human chest;received self-injection signal;output magnitude;amplitude modulation;oscillation frequency;output signal;frequency-modulated carrier;amplitude-varying envelope;modulated signal;microwave differentiator;differentiator-based envelope detector;wearable self-injection-locked sensor;scattered-back signal;physiological movement;signal demodulation;wrist pulse rates;heartbeat pulse rates;finger pulse oximeter;multilayered printed-circuit board;compact wearable self-injection-locked radar sensor;Oscillators;Radar;Wrist;Frequency measurement;Frequency modulation;Patch antennas;Antenna measurements;Cardiopulmonary sensor;continuous-wave radar;envelope detection;injection locking (IL);self-injection-locked (SIL) radar;wearable health sensor;wrist pulse sensor},
    doi={10.1109/TMTT.2017.2785793},
    ISSN={1557-9670},
    month={May}
}

@Article{ivanovic2018,
   Author="Ivanovic, M. D.  and Petrovic, J.  and Savi?, A.  and Gligoric, G.  and Mileti?, M.  and Vukcevic, M.  and Bojovic, B.  and Hadzievski, L.  and Allsop, T.  and Webb, D. J. ",
   Title="{{R}eal-time chest-wall-motion tracking by a single optical fibre grating: a prospective method for ventilator triggering}",
   Journal="Physiol Meas",
   Year="2018",
   Volume="39",
   Number="4",
   Pages="045009",
   Month="04"
}

@INPROCEEDINGS{icasbiocas2019,
    author={I. {Costanzo} and D. {Sen} and U. {Guler}},
    booktitle={2019 IEEE Biomedical Circuits and Systems Conference (BioCAS)},
    title={A Prototype Towards a Transcutaneous Oxygen Sensing Wearable},
    year={2019},
    volume={},
    number={},
    pages={1-4},
    keywords={Light emitting diodes;Sensors;Biomedical monitoring;Monitoring;Blood;Sea measurements;Heating systems},
    doi={10.1109/BIOCAS.2019.8919229},
    ISSN={2163-4025},
    month={Oct}
}

@INPROCEEDINGS{icasiscas2020,
    author={I. {Costanzo} and D. {Sen} and U. {Guler}},
    booktitle={2020 IEEE International Symposium of Circuits and Systems (ISCAS)},
    title={Fluorescent Intensity and Lifetime Measurement of Platinum-Porphyrin Film for Determining the Sensitivity of Transcutaneous Oxygen Sensor},
    year={2020},
    volume={},
    number={},
    pages={1-4},
    keywords={Light emitting diodes;Sensors;Biomedical monitoring;Monitoring;Blood;Sea measurements;Heating systems},
    month={May}
}

@INPROCEEDINGS{icascicc2020,
    author={I. {Costanzo} and D. {Sen} and U. {Guler}},
    booktitle={2020 IEEE Custom Integrated Circuits Conference (CICC)},
    title={An Integrated Readout Circuit for a Transcutaneous Oxygen Sensing Wearable Device},
    year={2020},
    volume={},
    number={},
    pages={1-4},
    keywords={Light emitting diodes;Sensors;Biomedical monitoring;Monitoring;Blood;Sea measurements;Heating systems},
    month={Mar}
}

% 7314020 
@Article{hutchison1981,
   Author="Hutchison, D. C.  and Rocca, G.  and Honeybourne, D. ",
   Title="{{E}stimation of arterial oxygen tension in adult subjects using a transcutaneous electrode}",
   Journal="Thorax",
   Year="1981",
   Volume="36",
   Number="6",
   Pages="473-477",
   Month="Jun"
}

@article{Berezin2010,
	author = {Berezin, Mikhail Y. and Achilefu, Samuel},
	title = {{Fluorescence Lifetime Measurements and Biological Imaging}},
	journal = {Chem. Rev.},
	volume = {110},
	number = {5},
	pages = {2641},
	year = {2010},
	month = {May},
	publisher = {NIH Public Access},
	doi = {10.1021/cr900343z}
}

@article{quaranta2012,
	author = {Quaranta, Michela and Borisov, Sergey M. and Klimant, Ingo},
	title = {{Indicators for optical oxygen sensors}},
	journal = {Bioanalytical Reviews},
	volume = {4},
	number = {2-4},
	pages = {115},
	year = {2012},
	month = {Dec},
	publisher = {Springer},
	doi = {10.1007/s12566-012-0032-y}
}

@article{mcdonagh2001,
  title={Phase fluorometric dissolved oxygen sensor},
  author={McDonagh, C and Kolle, C and McEvoy, AK and Dowling, DL and Cafolla, AA and Cullen, SJ and MacCraith, BD},
  journal={Sensors Actuators B},
  volume={74},
  pages={124--30},
  year={2001}
}

@INPROCEEDINGS{montecchia2015,
author={F. {Montecchia} and S. {Luciani} and R. {Cicchetti} and R. {Grossi} and F. {Midulla} and C. {Moretti} and P. {Papoff}},
booktitle={2015 IEEE International Symposium on Medical Measurements and Applications (MeMeA) Proceedings},
title={Pharyngeal and esophageal pressure measurements to evaluate respiratory mechanics in infants on high flow nasal cannula: A feasibility study},
year={2015},
volume={},
number={},
pages={234-239},
keywords={biomedical measurement;catheters;diseases;lung;medical signal processing;paediatrics;patient monitoring;patient treatment;pneumodynamics;pressure measurement;pharyngeal pressure measurement;esophageal pressure measurement;respiratory mechanics;infant;high-flow humidified nasal cannula;respiratory distress;acute pulmonary disease;HFNC oxygen therapy;monitoring, acquisition, and elaboration system;MAES;esophageal catheter;pharyngeal catheter;Pediatric Intensive Care Unit;spontaneous breathing;inspiration;inspiratory flow;flow transducer;HFNC circuit;direct measurement;face mask pneumotachograph;inspiratory tidal volume measurement;Campbell's diagram;static lung;chest wall recoil curves;pressure time product evaluation;PTP;time interval;TV;intrinsic positive end expiratory pressure;PEEPi;total inspiratory Pes variation;transpulmonary pressure;dynamic lung compliance;total lung resistance;work of breathing;WOB;bedside monitoring;TV;Catheters;Lungs;Pressure measurement;Monitoring;Pediatrics;Mechanical variables measurement;biological system modeling;biomedical signal processing;biomedical transducers;clinical trials;computational biophysics;pediatrics;respiratory mechanics},
doi={10.1109/MeMeA.2015.7145205},
ISSN={null},
month={May},}

@article{reinaux2016, 
  author = {Reinaux, Cyda Maria Albuquerque and Aliverti, Andrea and Silva, Lívia Gabriely Melo da and Silva, Rafael Justino da and Gonçalves, Juliane Neves and Noronha, Jessica Brito and Filho, José Eulálio Cabral and Andrade, Armèle Dornelas de and Britto, Murilo Carlos de Amorim}, 
  title = {{Tidal volume measurements in infants: Opto‐electronic plethysmography versus pneumotachograph}}, 
  issn = {1099-0496}, 
  doi = {10.1002/ppul.23394}, 
  abstract = {{Tidal breathing measurements by Opto-Electronic Plethysmography (OEP) has been reported for infants limited to protocols with two chest wall compartments. Standard protocol for the analysis of adults, with three compartments of chest wall, has been unavailable for analysis of infants. We aimed to study the agreement of simultaneous measurements of tidal volume by OEP (VT,OEP) and a heated pneumotachograph (PNT) (VT,PNT) performed during sleeping in 20 infants (gestational age 35.1 ± 4.6 weeks) at 3–4 months postconceptual age with a three compartment protocol. From PNT and OEP measurements, tidal volume corrected (VT,PNT) for ambient conditions were calculated with a total number of 200 breaths. The two methods were in good agreement with tidal volume mean difference of 0.02 ml and limit of agreement −4.11 to 4.08 ml (95\%CI), no relationship was found between differences and means of OEP and PNT measurements. Pulmonary rib cage, abdominal rib cage and abdomen contributed by 12.4 ± 9.7\%, 5.2 ± 5.1\%, and 82.4 ± 11.4\% to VT,OEP, respectively. The OEP experimental protocol based on 52 markers and a three-compartment model of the chest wall could be used in spontaneously sleeping infants. Pediatr Pulmonol. 2016;51:850–857. © 2016 Wiley Periodicals, Inc.}}, 
  pages = {850--857}, 
  number = {8}, 
  volume = {51}, 
  journal = {Pediatric Pulmonology}, 
  year = {2016}
}

@article{suzuki2009,
  title={A non-contact vital sign monitoring system for ambulances using dual-frequency mocrowave radars},
  author={Suzuki, S and Matsui, T and Kawahara, H and Ichiki, H and Shimizu, J and Kondo, Y and Gotoh, S and Yura, H and Takase, B and Ishihara, M},
  journal={Med Biol Eng Comput},
  volume={47},
  pages={101--105},
  year={2009}
}

@ARTICLE{lin1975,
author={J. C. {Lin}},
journal={Proceedings of the IEEE},
title={Noninvasive microwave measurement of respiration},
year={1975},
volume={63},
number={10},
pages={1530-1530},
keywords={Microwave measurements;Electromagnetic heating;Dielectric measurements;Microwave devices;Microwave theory and techniques;Motion measurement;Rabbits;Strips;Optical attenuators;Humans},
doi={10.1109/PROC.1975.9992},
ISSN={1558-2256},
month={Oct},}

@ARTICLE{Gu2014,
author={C. {Gu} and C. {Li}},
journal={IEEE Microwave Magazine},
title={From Tumor Targeting to Speech Monitoring: Accurate Respiratory Monitoring Using Medical Continuous-Wave Radar Sensors},
year={2014},
volume={15},
number={4},
pages={66-76},
keywords={CW radar;patient diagnosis;patient monitoring;remote sensing by radar;speech;tumours;physical states;distortion free dc coupled radar;conventional CW radar sensor;signal distortion problem;respiration pattern measurement;tumor location;motion adaptive cancer radiotherapy;radar respiration measurement;medical imaging;through wall detection;human fall detection;noncontact vital sign detection;signal processing algorithms;system architectures;medical radar sensors;medical continuous wave radar sensors;respiratory monitoring;speech monitoring;tumor targeting;Tumors;Radar measurements;Radar detection;Doppler radar;Displacement measurement;Frequency modulation;Physiology;Microwave communication},
doi={10.1109/MMM.2014.2308763},
ISSN={1557-9581},
month={June},}

@ARTICLE{loon2016,
author={Loon, KV and others},
journal={J Clin Monit Comput},
title={Wireless non-invasive continuous respiratory monitoring with {FMCW} radar},
year={2016},
volume={30},
number={},
pages={797-805},
month={September},
}

@ARTICLE{abbas2011,
author={Abbas, A.K and others},
journal={BioMed Eng OnLine},
title={Neonatal non-contact respiratory monitoring based on real-time infrared thermography},
year={2011},
volume={93},
number={10},
pages={1--17},
month={October},
}

@ARTICLE{khalidi2011,
author={{AL-Khalidi}, F and others},
journal={American Journal of Engineering and Applied Sciences},
title="{An Evaluation of Thermal Imaging Based Respiration Rate Monitoring in Children}",
year={2011},
volume={4},
number={4},
pages={586-597},
month={},
}


%%%%%%%%%%%%%%%%%%%%%%%%%%%%% SEC5. TDS %%%%%%%%%%%%%%%%%%%%%%%%%%%%%
@ARTICLE{Sebkhi_2019,
  author={N. {Sebkhi} and N. {Sahadat} and S. {Hersek} and A. {Bhavsar} and S. {Siahpoushan} and M. {Ghoovanloo} and O. T. {Inan}},
  journal={IEEE Sensors Journal}, 
  title={A Deep Neural Network-Based Permanent Magnet Localization for Tongue Tracking}, 
  year={2019},
  volume={19},
  number={20},
  pages={9324-9331},
  doi={10.1109/JSEN.2019.2923585}}
  
@ARTICLE{Nam-2016,  
author={Y. {Nam} and B. {Koo} and A. {Cichocki} and S. {Choi}}, 
journal={IEEE Systems, Man, and Cybernetics Magazine},  
title={Glossokinetic Potentials for a Tongue-Machine Interface: How Can We Trace Tongue Movements with Electrodes?},   
year={2016}, 
volume={2}, 
number={1}, 
pages={6-13}, 
doi={10.1109/MSMC.2015.2490674}}

@ARTICLE{Lotte-2017,
author = {Lotte N. S. Andreasen Struijk and Eugen R. Lontis and Michael Gaihede and Hector A. Caltenco and Morten Enemark Lund and Henrik Schioeler and Bo Bentsen},
title = {Development and functional demonstration of a wireless intraoral inductive tongue computer interface for severely disabled persons},
journal = {Disability and Rehabilitation: Assistive Technology},
volume = {12},
number = {6},
pages = {631-640},
year  = {2017},
publisher = {Taylor & Francis},
doi = {10.1080/17483107.2016.1217084},
    note ={PMID: 27678024},
URL = { 
        https://doi.org/10.1080/17483107.2016.1217084
},
eprint = { 
        https://doi.org/10.1080/17483107.2016.1217084
}}